@book{pironneau1989finite,
  title={Finite element methods for fluids},
  author={Pironneau, Olivier and Pironneau, Olivier},
  year={1989},
  publisher={Wiley New York}
}
@book{logg2012automated,
	title={Automated solution of differential equations by the finite element method: The FEniCS book},
	author={Logg, Anders and Mardal, Kent-Andre and Wells, Garth},
	volume={84},
	year={2012},
	publisher={Springer Science \& Business Media}
}