@article{AlnaesBlechta2015a,
  title = {The FEniCS Project Version 1.5},
  author = {Martin S. Aln{\ae}s and Jan Blechta and Johan Hake and August Johansson and Benjamin Kehlet and Anders Logg and Chris Richardson and Johannes Ring and Marie E. Rognes and Garth N. Wells},
  year = {2015},
  journal = {Archive of Numerical Software},
  volume = {3},
  number = {100},
  doi = {10.11588/ans.2015.100.20553},
  page = {9-23},
}
@article{geuzaine2009gmsh,
	title={Gmsh: A 3-D finite element mesh generator with built-in pre-and post-processing facilities},
	author={Geuzaine, Christophe and Remacle, Jean-Fran{\c{c}}ois},
	journal={International journal for numerical methods in engineering},
	volume={79},
	number={11},
	pages={1309--1331},
	year={2009},
	publisher={Wiley Online Library}
}
@article{marzocca2009naca,
	title={The NACA airfoil series},
	author={Marzocca, Pier},
	journal={Clarkson University, Retrieved},
	pages={07--03},
	year={2009}
}
@misc{langtangen2016solving,
	title={Solving PDEs in Python The FEniCS Tutorial Volume I},
	author={Langtangen, Hans Petter and Logg, Anders},
	year={2016},
	publisher={Berlin, Springer}
}
@article{goda1979multistep,
	title={A multistep technique with implicit difference schemes for calculating two-or three-dimensional cavity flows},
	author={Goda, Katuhiko},
	journal={Journal of Computational Physics},
	volume={30},
	number={1},
	pages={76--95},
	year={1979},
	publisher={Elsevier}
}